<?xml version='1.0' encoding='UTF-8'?>
<record xmlns="http://www.loc.gov/MARC21/slim">
  <leader>01359cam a2200301Ia 4500</leader>
  <controlfield tag="001">5339793</controlfield>
  <controlfield tag="003">NjP</controlfield>
  <controlfield tag="005">20181008171645.0</controlfield>
  <controlfield tag="008">071226s1938    sy            000 0 ara d</controlfield>
  <datafield tag="024" ind1="7" ind2=" ">
    <subfield code="a">princeton_aco002877</subfield>
    <subfield code="2">local</subfield>
  </datafield>
  <datafield ind1=" " ind2=" " tag="035">
    <subfield code="a">(OCoLC)ocn185037035</subfield>
  </datafield>
  <datafield ind1=" " ind2=" " tag="040">
    <subfield code="a">PUL</subfield>
    <subfield code="c">PUL</subfield>
  </datafield>
  <datafield ind1=" " ind2=" " tag="066">
    <subfield code="c">(3</subfield>
  </datafield>
  <datafield ind1=" " ind2=" " tag="035">
    <subfield code="a">(OCoLC)185037035</subfield>
  </datafield>
  <datafield ind1=" " ind2="4" tag="050">
    <subfield code="a">PL248.T28</subfield>
    <subfield code="b">Z623 1938</subfield>
  </datafield>
  <datafield ind1=" " ind2=" " tag="049">
    <subfield code="a">PULL</subfield>
  </datafield>
  <datafield ind1="1" ind2=" " tag="100">
    <subfield code="6">880-01</subfield>
    <subfield code="a">Adʹham, Ismāʻīl Aḥmad.</subfield>
  </datafield>
  <datafield ind1="1" ind2="3" tag="245">
    <subfield code="6">880-02</subfield>
    <subfield code="a">al-Shāʻir al-aʻẓam ʻAbd al-Ḥaqq Ḥāmid :</subfield>
    <subfield code="b">dirāsah wa-taḥlīl /</subfield>
    <subfield code="c">bi-qalam Ismāʻīl Aḥmad Adʹham.</subfield>
  </datafield>
  <datafield ind1=" " ind2=" " tag="260">
    <subfield code="6">880-03</subfield>
    <subfield code="a">Ḥalab :</subfield>
    <subfield code="b">Majallat al-Ḥadīth,</subfield>
    <subfield code="c">1938.</subfield>
  </datafield>
  <datafield ind1=" " ind2=" " tag="300">
    <subfield code="a">64 p. ;</subfield>
    <subfield code="c">25 cm.</subfield>
  </datafield>
  <datafield ind1=" " ind2=" " tag="500">
    <subfield code="6">880-04</subfield>
    <subfield code="a">"al-Risālah al-thālithah ʻasharah"</subfield>
  </datafield>
  <datafield ind1=" " ind2="0" tag="650">
    <subfield code="a">Abdülhak Hâmit,</subfield>
    <subfield code="d">1852-1937</subfield>
    <subfield code="x">Criticism and interpretation.</subfield>
  </datafield>
  <datafield ind1=" " ind2="0" tag="650">
    <subfield code="a">Authors, Turkish.</subfield>
    <subfield code="0">http://id.loc.gov/authorities/subjects/sh85010007</subfield>
  </datafield>
  <datafield ind1=" " ind2="0" tag="650">
    <subfield code="a">Turkish literature</subfield>
    <subfield code="x">History and criticism.</subfield>
    <subfield code="0">http://id.loc.gov/authorities/subjects/sh2008113048</subfield>
  </datafield>
  <datafield ind1="1" ind2=" " tag="880">
    <subfield code="6">100-01/(3/r</subfield>
    <subfield code="a">ادهم، اسماعيل احمد.</subfield>
  </datafield>
  <datafield ind1="1" ind2="2" tag="880">
    <subfield code="6">245-02/(3/r</subfield>
    <subfield code="a">الشاعر الاعظم عبد الحق حامد :</subfield>
    <subfield code="b">دراسة وتحليل /</subfield>
    <subfield code="c">بقلم اسماعيل احمد ادهم.</subfield>
  </datafield>
  <datafield ind1=" " ind2=" " tag="880">
    <subfield code="6">260-03/(3/r</subfield>
    <subfield code="a">حلب :</subfield>
    <subfield code="b">مجلة الحديث،</subfield>
    <subfield code="c">1938.</subfield>
  </datafield>
  <datafield ind1=" " ind2=" " tag="880">
    <subfield code="6">500-04/(3/r</subfield>
    <subfield code="a">"لرسالة الثالثة عشره"</subfield>
  </datafield>
  <datafield ind1=" " ind2=" " tag="994">
    <subfield code="a">C0</subfield>
    <subfield code="b">PUL</subfield>
  </datafield>
  <datafield ind1=" " ind2=" " tag="902">
    <subfield code="a">kc</subfield>
    <subfield code="b">o</subfield>
    <subfield code="6">a</subfield>
    <subfield code="7">m</subfield>
    <subfield code="d">v</subfield>
    <subfield code="f">1</subfield>
    <subfield code="e">20071226</subfield>
  </datafield>
  <datafield ind1="0" ind2=" " tag="852">
    <subfield code="0">5502206</subfield>
    <subfield code="b">rcppa</subfield>
    <subfield code="h">PL248.T28</subfield>
    <subfield code="i">Z623 1938</subfield>
  </datafield>
  <datafield ind1=" " ind2=" " tag="959">
    <subfield code="a">2007-12-26 18:00:50 -0500</subfield>
  </datafield>
</record>
